<?xml version='1.0' encoding='utf-8'?>
<record xmlns="http://www.loc.gov/MARC21/slim" xmlns:xsi="http://www.w3.org/2001/XMLSchema-instance">
  <leader>^^^^^ccm^a22003491^^4500</leader>
  <controlfield tag="001">003930473</controlfield>
  <controlfield tag="005">19951030000000.0</controlfield>
  <controlfield tag="008">951020s1909^^^^nyumcz^^^^^^^^^n^1^^eng^d</controlfield>
  <datafield tag="035" ind1=" " ind2=" ">
    <subfield code="a">(RLIN)MIUG89-C5875</subfield>
  </datafield>
  <datafield tag="035" ind1=" " ind2=" ">
    <subfield code="9">(UL)AFN5884</subfield>
  </datafield>
  <datafield tag="035" ind1=" " ind2=" ">
    <subfield code="a">(OCoLC)35067547</subfield>
  </datafield>
  <datafield tag="040" ind1=" " ind2=" ">
    <subfield code="a">MiU</subfield>
    <subfield code="c">MiU</subfield>
    <subfield code="d">MiU</subfield>
  </datafield>
  <datafield tag="045" ind1=" " ind2=" ">
    <subfield code="a">x0x0</subfield>
  </datafield>
  <datafield tag="100" ind1="1" ind2=" ">
    <subfield code="a">Kahn, Donald A.,</subfield>
    <subfield code="d">1889-</subfield>
  </datafield>
  <datafield tag="240" ind1="1" ind2="0">
    <subfield code="a">Koanzaland.</subfield>
    <subfield code="s">Vocal score</subfield>
  </datafield>
  <datafield tag="245" ind1="1" ind2="0">
    <subfield code="a">Koanzaland,</subfield>
    <subfield code="b">presented by the Michigan union at the New Whitney theatre, Ann Arbor, Michigan, December 15, 16, 17 and 18, 1909.</subfield>
    <subfield code="c">Books and lyrics by Donald A. Kahn, lyrics by J. Fred Lawton, music by Earl V. Moore and Robert T. Moreland, staged under the direction of Hal Stephens, management of general chairman Frank A. Kapp.</subfield>
  </datafield>
  <datafield tag="260" ind1=" " ind2=" ">
    <subfield code="a">New York,</subfield>
    <subfield code="a">Detroit,</subfield>
    <subfield code="b">J.H. Remick &amp; company,</subfield>
    <subfield code="c">c1909.</subfield>
  </datafield>
  <datafield tag="300" ind1=" " ind2=" ">
    <subfield code="a">88 p.</subfield>
    <subfield code="b">illus., ports.</subfield>
    <subfield code="c">30 cm.</subfield>
  </datafield>
  <datafield tag="500" ind1=" " ind2=" ">
    <subfield code="a">Vocal score. "Complete souvenir score."</subfield>
  </datafield>
  <datafield tag="500" ind1=" " ind2=" ">
    <subfield code="a">Third Michigan union opera.</subfield>
  </datafield>
  <datafield tag="500" ind1=" " ind2=" ">
    <subfield code="a">Cover-title.</subfield>
  </datafield>
  <datafield tag="650" ind1=" " ind2="0">
    <subfield code="a">Musicals</subfield>
    <subfield code="x">Vocal scores with piano.</subfield>
  </datafield>
  <datafield tag="700" ind1="1" ind2=" ">
    <subfield code="a">Lawton, J. Fred</subfield>
    <subfield code="q">(James Frederick),</subfield>
    <subfield code="d">1888-1969.</subfield>
  </datafield>
  <datafield tag="700" ind1="1" ind2=" ">
    <subfield code="a">Moore, Earl Vincent,</subfield>
    <subfield code="d">1890-1987.</subfield>
  </datafield>
  <datafield tag="700" ind1="1" ind2=" ">
    <subfield code="a">Moreland, Robert Treadwell,</subfield>
    <subfield code="d">1889-</subfield>
  </datafield>
  <datafield tag="700" ind1="1" ind2=" ">
    <subfield code="a">Stephens, Hal.</subfield>
  </datafield>
  <datafield tag="700" ind1="1" ind2=" ">
    <subfield code="a">Kapp, Frank Albert,</subfield>
    <subfield code="d">1886-</subfield>
  </datafield>
  <datafield tag="773" ind1="0" ind2=" ">
    <subfield code="a">Michigan Union.</subfield>
    <subfield code="t">Records, 1884-[ongoing]</subfield>
  </datafield>
  <datafield tag="830" ind1=" " ind2="0">
    <subfield code="a">Michigan Union Opera (Series) ;</subfield>
    <subfield code="v">no. 3.</subfield>
  </datafield>
  <datafield tag="852" ind1="8" ind2=" ">
    <subfield code="a">MiU-H</subfield>
    <subfield code="b">BENT</subfield>
    <subfield code="h">87241 BImu Bimu F15 2</subfield>
  </datafield>
  <datafield tag="998" ind1=" " ind2=" ">
    <subfield code="c">MLJ</subfield>
    <subfield code="s">9124</subfield>
  </datafield>
  <datafield tag="955" ind1=" " ind2=" ">
    <subfield code="b">BENT</subfield>
    <subfield code="p">39015071629773</subfield>
  </datafield>
  <datafield tag="955" ind1=" " ind2=" ">
    <subfield code="b">BENT</subfield>
    <subfield code="p">B1678168</subfield>
  </datafield>
</record>
